@inproceedings{ref1,
 author = {Froehlich, Jon E. and Larson, Eric and Campbell, Tim and Haggerty, Conor and Fogarty, James and Patel, Shwetak N.},
 title = {HydroSense: Infrastructure-mediated Single-point Sensing of Whole-home Water Activity},
 booktitle = {Proceedings of the 11th International Conference on Ubiquitous Computing},
 series = {UbiComp '09},
 year = {2009},
 isbn = {978-1-60558-431-7},
 location = {Orlando, Florida, USA},
 pages = {235--244},
 numpages = {10},
 url = {http://doi.acm.org/10.1145/1620545.1620581},
 doi = {10.1145/1620545.1620581},
 acmid = {1620581},
 publisher = {ACM},
 address = {New York, NY, USA},
 keywords = {activity sensing, infrastructure-mediated sensing, water sensing},
}

@misc{IEEEhowto:,
author = {H.~Chiang, J. ~Hong, K. ~Kiningham, L. ~Riliskis, P. ~Levis, and M.~Horowitz},
title = {Tethys: Collecting Sensor Data Without Infrasctructure or Trust},
year = {2018},
publisher = {IEEE/ACM Third International Conference on Internet-of-Things Design and Implementation}

}

@misc{amphiro:,
title = {Amphiro},
year = {2018},
url = {http://amphiro.com/}
}